<?xml version="1.0" encoding="UTF-8"?>
  <record xmlns="http://www.loc.gov/MARC21/slim" type="Authority">
    <leader>00000nz  a2200000nc 4500</leader>
    <controlfield tag="001">118513249</controlfield>
    <controlfield tag="003">DE-101</controlfield>
    <controlfield tag="005">20220721175530.0</controlfield>
    <controlfield tag="008">880701n||azznnaabn           | aaa    |c</controlfield>
    <datafield tag="024" ind1="7" ind2=" ">
      <subfield code="a">118513249</subfield>
      <subfield code="0">http://d-nb.info/gnd/118513249</subfield>
      <subfield code="2">gnd</subfield>
    </datafield>
    <datafield tag="035" ind1=" " ind2=" ">
      <subfield code="a">(DE-101)118513249</subfield>
    </datafield>
    <datafield tag="035" ind1=" " ind2=" ">
      <subfield code="a">(DE-588)118513249</subfield>
    </datafield>
    <datafield tag="035" ind1=" " ind2=" ">
      <subfield code="z">(DE-588)105557770X</subfield>
    </datafield>
    <datafield tag="035" ind1=" " ind2=" ">
      <subfield code="z">(DE-588)188010998</subfield>
    </datafield>
    <datafield tag="035" ind1=" " ind2=" ">
      <subfield code="z">(DE-588a)188010998</subfield>
      <subfield code="9">v:zg</subfield>
    </datafield>
    <datafield tag="035" ind1=" " ind2=" ">
      <subfield code="z">(DE-588)126171831</subfield>
    </datafield>
    <datafield tag="035" ind1=" " ind2=" ">
      <subfield code="z">(DE-588a)126171831</subfield>
      <subfield code="9">v:zg</subfield>
    </datafield>
    <datafield tag="035" ind1=" " ind2=" ">
      <subfield code="z">(DE-588a)118513249</subfield>
      <subfield code="9">v:zg</subfield>
    </datafield>
    <datafield tag="035" ind1=" " ind2=" ">
      <subfield code="z">(DE-588a)104189177</subfield>
    </datafield>
    <datafield tag="035" ind1=" " ind2=" ">
      <subfield code="z">(DE-588c)4007661-1</subfield>
      <subfield code="9">v:zg</subfield>
    </datafield>
    <datafield tag="040" ind1=" " ind2=" ">
      <subfield code="a">DE-101</subfield>
      <subfield code="c">DE-101</subfield>
      <subfield code="9">r:DE-101</subfield>
      <subfield code="b">ger</subfield>
      <subfield code="d">9999</subfield>
      <subfield code="e">rda</subfield>
    </datafield>
    <datafield tag="042" ind1=" " ind2=" ">
      <subfield code="a">gnd1</subfield>
    </datafield>
    <datafield tag="043" ind1=" " ind2=" ">
      <subfield code="c">XA-GB</subfield>
      <subfield code="c">XA-DE</subfield>
    </datafield>
    <datafield tag="065" ind1=" " ind2=" ">
      <subfield code="a">3.6p</subfield>
      <subfield code="2">sswd</subfield>
    </datafield>
    <datafield tag="075" ind1=" " ind2=" ">
      <subfield code="b">p</subfield>
      <subfield code="2">gndgen</subfield>
    </datafield>
    <datafield tag="075" ind1=" " ind2=" ">
      <subfield code="b">piz</subfield>
      <subfield code="2">gndspec</subfield>
    </datafield>
    <datafield tag="079" ind1=" " ind2=" ">
      <subfield code="a">g</subfield>
      <subfield code="q">s</subfield>
      <subfield code="q">f</subfield>
      <subfield code="q">n</subfield>
      <subfield code="u">v</subfield>
      <subfield code="u">w</subfield>
      <subfield code="u">o</subfield>
    </datafield>
    <datafield tag="100" ind1="0" ind2=" ">
      <subfield code="a">Bonifatius</subfield>
      <subfield code="c">Mainz, Erzbischof, Heiliger</subfield>
      <subfield code="d">675-754</subfield>
    </datafield>
    <datafield tag="400" ind1="0" ind2=" ">
      <subfield code="a">Bonifatius</subfield>
      <subfield code="c">Sanctus</subfield>
      <subfield code="d">675-754</subfield>
    </datafield>
    <datafield tag="400" ind1="0" ind2=" ">
      <subfield code="a">Bonifatius</subfield>
      <subfield code="c">Mogontiacensis</subfield>
      <subfield code="d">675-754</subfield>
    </datafield>
    <datafield tag="400" ind1="0" ind2=" ">
      <subfield code="a">Boniface</subfield>
      <subfield code="c">Saint</subfield>
      <subfield code="d">675-754</subfield>
    </datafield>
    <datafield tag="400" ind1="0" ind2=" ">
      <subfield code="a">Bonifacio</subfield>
      <subfield code="c">San</subfield>
      <subfield code="d">675-754</subfield>
    </datafield>
    <datafield tag="400" ind1="0" ind2=" ">
      <subfield code="a">Bonifatius</subfield>
      <subfield code="c">Apostel</subfield>
      <subfield code="d">675-754</subfield>
    </datafield>
    <datafield tag="400" ind1="1" ind2=" ">
      <subfield code="a">Bonifatius, Winfried</subfield>
      <subfield code="d">675-754</subfield>
    </datafield>
    <datafield tag="400" ind1="1" ind2=" ">
      <subfield code="a">Bonifatius, Wynfrith</subfield>
      <subfield code="d">675-754</subfield>
    </datafield>
    <datafield tag="400" ind1="0" ind2=" ">
      <subfield code="a">Gynfrith</subfield>
      <subfield code="c">Moguntinus</subfield>
      <subfield code="d">675-754</subfield>
    </datafield>
    <datafield tag="400" ind1="0" ind2=" ">
      <subfield code="a">Wynfreth</subfield>
      <subfield code="c">Moguntinus</subfield>
      <subfield code="d">675-754</subfield>
    </datafield>
    <datafield tag="400" ind1="0" ind2=" ">
      <subfield code="a">Wynfrith</subfield>
      <subfield code="c">Moguntinus</subfield>
      <subfield code="d">675-754</subfield>
    </datafield>
    <datafield tag="400" ind1="0" ind2=" ">
      <subfield code="a">Bonifacius</subfield>
      <subfield code="c">Martyr</subfield>
      <subfield code="d">675-754</subfield>
    </datafield>
    <datafield tag="400" ind1="1" ind2=" ">
      <subfield code="a">Bonifacius, Winfried</subfield>
      <subfield code="d">675-754</subfield>
    </datafield>
    <datafield tag="400" ind1="0" ind2=" ">
      <subfield code="a">Bonifatius</subfield>
      <subfield code="c">Apostel der Deutschen</subfield>
      <subfield code="d">675-754</subfield>
      <subfield code="9">v:B 1996</subfield>
    </datafield>
    <datafield tag="400" ind1="0" ind2=" ">
      <subfield code="a">Bonifatius</subfield>
      <subfield code="c">Heiliger</subfield>
      <subfield code="d">675-754</subfield>
    </datafield>
    <datafield tag="400" ind1="0" ind2=" ">
      <subfield code="a">Winfried</subfield>
      <subfield code="c">Bonifatius</subfield>
      <subfield code="d">675-754</subfield>
    </datafield>
    <datafield tag="400" ind1="0" ind2=" ">
      <subfield code="a">Wynfrith</subfield>
      <subfield code="c">Bonifatius</subfield>
      <subfield code="d">675-754</subfield>
    </datafield>
    <datafield tag="400" ind1="0" ind2=" ">
      <subfield code="a">Boniface</subfield>
      <subfield code="c">Of Mainz</subfield>
      <subfield code="d">675-754</subfield>
    </datafield>
    <datafield tag="400" ind1="1" ind2=" ">
      <subfield code="a">Mainz, Boniface &#152;of&#156;</subfield>
      <subfield code="d">675-754</subfield>
    </datafield>
    <datafield tag="400" ind1="1" ind2=" ">
      <subfield code="a">Apostel, Bonifatius</subfield>
      <subfield code="d">675-754</subfield>
    </datafield>
    <datafield tag="400" ind1="1" ind2=" ">
      <subfield code="a">Vynfreth, Bonifatius</subfield>
      <subfield code="d">675-754</subfield>
    </datafield>
    <datafield tag="400" ind1="0" ind2=" ">
      <subfield code="a">San Bonifacio</subfield>
      <subfield code="d">675-754</subfield>
    </datafield>
    <datafield tag="400" ind1="0" ind2=" ">
      <subfield code="a">Boniface</subfield>
      <subfield code="c">De Mayence</subfield>
      <subfield code="d">675-754</subfield>
    </datafield>
    <datafield tag="400" ind1="1" ind2=" ">
      <subfield code="a">Mayence, Boniface &#152;de&#156;</subfield>
      <subfield code="d">675-754</subfield>
    </datafield>
    <datafield tag="400" ind1="1" ind2=" ">
      <subfield code="a">Moguntinus, Gynfrith</subfield>
      <subfield code="d">675-754</subfield>
    </datafield>
    <datafield tag="400" ind1="1" ind2=" ">
      <subfield code="a">Moguntinus, Wynfreth</subfield>
      <subfield code="d">675-754</subfield>
    </datafield>
    <datafield tag="400" ind1="1" ind2=" ">
      <subfield code="a">Moguntinus, Wynfrith</subfield>
      <subfield code="d">675-754</subfield>
    </datafield>
    <datafield tag="400" ind1="1" ind2=" ">
      <subfield code="a">Moguntinus, Bonifatius</subfield>
      <subfield code="d">675-754</subfield>
    </datafield>
    <datafield tag="400" ind1="0" ind2=" ">
      <subfield code="a">Bonifatius</subfield>
      <subfield code="c">Der Apostel</subfield>
      <subfield code="d">675-754</subfield>
    </datafield>
    <datafield tag="400" ind1="1" ind2=" ">
      <subfield code="a">Apostel, Bonifatius &#152;Der&#156;</subfield>
      <subfield code="d">675-754</subfield>
    </datafield>
    <datafield tag="400" ind1="0" ind2=" ">
      <subfield code="a">Bonifatius</subfield>
      <subfield code="c">Archiepiscopus Moguntinus</subfield>
      <subfield code="d">675-754</subfield>
    </datafield>
    <datafield tag="400" ind1="1" ind2=" ">
      <subfield code="a">Archiepiscopus Mogantinus, Bonifatius</subfield>
      <subfield code="d">675-754</subfield>
    </datafield>
    <datafield tag="400" ind1="1" ind2=" ">
      <subfield code="a">Mogantinus, Bonifatius Archiepiscopus</subfield>
      <subfield code="d">675-754</subfield>
    </datafield>
    <datafield tag="400" ind1="0" ind2=" ">
      <subfield code="a">Bonifatius</subfield>
      <subfield code="c">Archiepiscopus</subfield>
      <subfield code="d">675-754</subfield>
    </datafield>
    <datafield tag="400" ind1="1" ind2=" ">
      <subfield code="a">Archiepiscopus, Bonifatius</subfield>
      <subfield code="d">675-754</subfield>
    </datafield>
    <datafield tag="400" ind1="0" ind2=" ">
      <subfield code="a">Bonifatius</subfield>
      <subfield code="c">Sankt</subfield>
      <subfield code="d">675-754</subfield>
    </datafield>
    <datafield tag="400" ind1="0" ind2=" ">
      <subfield code="a">Sanbonifacio</subfield>
      <subfield code="d">675-754</subfield>
    </datafield>
    <datafield tag="400" ind1="1" ind2=" ">
      <subfield code="a">Demayence, Boniface</subfield>
      <subfield code="d">675-754</subfield>
    </datafield>
    <datafield tag="400" ind1="1" ind2=" ">
      <subfield code="a">Derapostel, Bonifatius</subfield>
      <subfield code="d">675-754</subfield>
    </datafield>
    <datafield tag="400" ind1="0" ind2=" ">
      <subfield code="a">Winfried</subfield>
      <subfield code="c">Heiliger</subfield>
      <subfield code="d">675-754</subfield>
    </datafield>
    <datafield tag="400" ind1="0" ind2=" ">
      <subfield code="a">Bonifatius</subfield>
      <subfield code="c">Mainz, Erzbischof</subfield>
      <subfield code="d">675-754</subfield>
    </datafield>
    <datafield tag="400" ind1="0" ind2=" ">
      <subfield code="a">Boniface</subfield>
      <subfield code="c">de Mayence</subfield>
      <subfield code="d">675-754</subfield>
    </datafield>
    <datafield tag="400" ind1="0" ind2=" ">
      <subfield code="a">Boniface</subfield>
      <subfield code="c">of Mainz</subfield>
      <subfield code="d">675-754</subfield>
    </datafield>
    <datafield tag="400" ind1="0" ind2=" ">
      <subfield code="a">Bonifatius</subfield>
      <subfield code="c">der Apostel</subfield>
      <subfield code="d">675-754</subfield>
    </datafield>
    <datafield tag="400" ind1="0" ind2=" ">
      <subfield code="a">Bonifatius</subfield>
      <subfield code="c">Moguntinus</subfield>
      <subfield code="d">675-754</subfield>
    </datafield>
    <datafield tag="400" ind1="0" ind2=" ">
      <subfield code="a">Bonifatius</subfield>
      <subfield code="c">Vynfreth</subfield>
      <subfield code="d">675-754</subfield>
    </datafield>
    <datafield tag="400" ind1="0" ind2=" ">
      <subfield code="a">Santus Bonifatius</subfield>
      <subfield code="d">675-754</subfield>
    </datafield>
    <datafield tag="400" ind1="0" ind2=" ">
      <subfield code="a">Sanctus Bonifatius</subfield>
      <subfield code="d">675-754</subfield>
    </datafield>
    <datafield tag="400" ind1="0" ind2=" ">
      <subfield code="a">Bonifacius</subfield>
      <subfield code="c">Sanctus</subfield>
      <subfield code="d">675-754</subfield>
    </datafield>
    <datafield tag="400" ind1="0" ind2=" ">
      <subfield code="a">Bonifatius</subfield>
      <subfield code="d">675-754</subfield>
    </datafield>
    <datafield tag="400" ind1="0" ind2=" ">
      <subfield code="a">Winfrid</subfield>
      <subfield code="d">675-754</subfield>
    </datafield>
    <datafield tag="400" ind1="0" ind2=" ">
      <subfield code="a">Winfried</subfield>
      <subfield code="d">675-754</subfield>
    </datafield>
    <datafield tag="400" ind1="0" ind2=" ">
      <subfield code="a">Vynfreth</subfield>
      <subfield code="d">675-754</subfield>
    </datafield>
    <datafield tag="400" ind1="0" ind2=" ">
      <subfield code="a">Warnefried</subfield>
      <subfield code="d">675-754</subfield>
    </datafield>
    <datafield tag="400" ind1="0" ind2=" ">
      <subfield code="a">Saint Boniface</subfield>
      <subfield code="d">675-754</subfield>
    </datafield>
    <datafield tag="400" ind1="0" ind2=" ">
      <subfield code="a">Sankt Bonifatius</subfield>
      <subfield code="d">675-754</subfield>
    </datafield>
    <datafield tag="400" ind1="0" ind2=" ">
      <subfield code="a">Boniface</subfield>
      <subfield code="d">675-754</subfield>
    </datafield>
    <datafield tag="400" ind1="0" ind2=" ">
      <subfield code="a">Bonifacio</subfield>
      <subfield code="d">675-754</subfield>
    </datafield>
    <datafield tag="400" ind1="0" ind2=" ">
      <subfield code="a">Gynfrith</subfield>
      <subfield code="d">675-754</subfield>
    </datafield>
    <datafield tag="400" ind1="0" ind2=" ">
      <subfield code="a">Wynfrid</subfield>
      <subfield code="d">675-754</subfield>
    </datafield>
    <datafield tag="400" ind1="0" ind2=" ">
      <subfield code="a">Wynfreth</subfield>
      <subfield code="d">675-754</subfield>
    </datafield>
    <datafield tag="400" ind1="0" ind2=" ">
      <subfield code="a">Wynfrith</subfield>
      <subfield code="d">675-754</subfield>
    </datafield>
    <datafield tag="400" ind1="0" ind2=" ">
      <subfield code="a">Wynfrid-Bonifatius</subfield>
      <subfield code="d">675-754</subfield>
    </datafield>
    <datafield tag="400" ind1="0" ind2=" ">
      <subfield code="a">Bonifacius</subfield>
      <subfield code="d">675-754</subfield>
    </datafield>
    <datafield tag="400" ind1="0" ind2=" ">
      <subfield code="a">Bonifatius von Mainz</subfield>
      <subfield code="d">675-754</subfield>
    </datafield>
    <datafield tag="400" ind1="0" ind2=" ">
      <subfield code="a">Winfrid-Bonifatius</subfield>
      <subfield code="d">675-754</subfield>
    </datafield>
    <datafield tag="400" ind1="0" ind2=" ">
      <subfield code="a">Bonifacio di Magonza</subfield>
      <subfield code="d">675-754</subfield>
    </datafield>
    <datafield tag="548" ind1=" " ind2=" ">
      <subfield code="a">675-754</subfield>
      <subfield code="4">datl</subfield>
      <subfield code="4">https://d-nb.info/standards/elementset/gnd#dateOfBirthAndDeath</subfield>
      <subfield code="w">r</subfield>
      <subfield code="i">Lebensdaten</subfield>
      <subfield code="9">v:ca., auch 673 und 755</subfield>
    </datafield>
    <datafield tag="550" ind1=" " ind2=" ">
      <subfield code="0">(DE-101)040395758</subfield>
      <subfield code="0">(DE-588)4039575-3</subfield>
      <subfield code="0">https://d-nb.info/gnd/4039575-3</subfield>
      <subfield code="a">Missionar</subfield>
      <subfield code="4">beru</subfield>
      <subfield code="4">https://d-nb.info/standards/elementset/gnd#professionOrOccupation</subfield>
      <subfield code="w">r</subfield>
      <subfield code="i">Beruf</subfield>
    </datafield>
    <datafield tag="550" ind1=" " ind2=" ">
      <subfield code="0">(DE-101)040154718</subfield>
      <subfield code="0">(DE-588)4015471-3</subfield>
      <subfield code="0">https://d-nb.info/gnd/4015471-3</subfield>
      <subfield code="a">Erzbischof</subfield>
      <subfield code="4">berc</subfield>
      <subfield code="4">https://d-nb.info/standards/elementset/gnd#professionOrOccupation</subfield>
      <subfield code="w">r</subfield>
      <subfield code="i">Charakteristischer Beruf</subfield>
    </datafield>
    <datafield tag="550" ind1=" " ind2=" ">
      <subfield code="0">(DE-101)04024055X</subfield>
      <subfield code="0">(DE-588)4024055-1</subfield>
      <subfield code="0">https://d-nb.info/gnd/4024055-1</subfield>
      <subfield code="a">Heiliger</subfield>
      <subfield code="4">obin</subfield>
      <subfield code="4">https://d-nb.info/standards/elementset/gnd#broaderTermInstantial</subfield>
      <subfield code="w">r</subfield>
      <subfield code="i">Oberbegriff instantiell</subfield>
    </datafield>
    <datafield tag="550" ind1=" " ind2=" ">
      <subfield code="0">(DE-101)040024555</subfield>
      <subfield code="0">(DE-588)4002455-6</subfield>
      <subfield code="0">https://d-nb.info/gnd/4002455-6</subfield>
      <subfield code="a">Apostel</subfield>
      <subfield code="4">beru</subfield>
      <subfield code="4">https://d-nb.info/standards/elementset/gnd#professionOrOccupation</subfield>
      <subfield code="w">r</subfield>
      <subfield code="i">Beruf</subfield>
    </datafield>
    <datafield tag="551" ind1=" " ind2=" ">
      <subfield code="0">(DE-101)985533366</subfield>
      <subfield code="0">(DE-588)7580150-4</subfield>
      <subfield code="0">https://d-nb.info/gnd/7580150-4</subfield>
      <subfield code="a">Crediton</subfield>
      <subfield code="4">ortg</subfield>
      <subfield code="4">https://d-nb.info/standards/elementset/gnd#placeOfBirth</subfield>
      <subfield code="w">r</subfield>
      <subfield code="i">Geburtsort</subfield>
    </datafield>
    <datafield tag="551" ind1=" " ind2=" ">
      <subfield code="0">(DE-101)040371247</subfield>
      <subfield code="0">(DE-588)4037124-4</subfield>
      <subfield code="0">https://d-nb.info/gnd/4037124-4</subfield>
      <subfield code="a">Mainz</subfield>
      <subfield code="4">ortw</subfield>
      <subfield code="4">https://d-nb.info/standards/elementset/gnd#placeOfActivity</subfield>
      <subfield code="w">r</subfield>
      <subfield code="i">Wirkungsort</subfield>
    </datafield>
    <datafield tag="551" ind1=" " ind2=" ">
      <subfield code="0">(DE-101)956376126</subfield>
      <subfield code="0">(DE-588)4542836-0</subfield>
      <subfield code="0">https://d-nb.info/gnd/4542836-0</subfield>
      <subfield code="a">Dokkum</subfield>
      <subfield code="4">orts</subfield>
      <subfield code="4">https://d-nb.info/standards/elementset/gnd#placeOfDeath</subfield>
      <subfield code="w">r</subfield>
      <subfield code="i">Sterbeort</subfield>
      <subfield code="9">v:bei</subfield>
    </datafield>
    <datafield tag="670" ind1=" " ind2=" ">
      <subfield code="a">Brockhaus Online</subfield>
      <subfield code="b">Stand: 11.03.2021</subfield>
      <subfield code="u">https://brockhaus-1de-10082b64p0038.emedia1.bsb-muenchen.de/ecs/enzy/article/bonifatius</subfield>
    </datafield>
    <datafield tag="670" ind1=" " ind2=" ">
      <subfield code="a">Wikipedia</subfield>
      <subfield code="b">Stand: 11.03.2021</subfield>
      <subfield code="u">https://de.wikipedia.org/w/index.php?title=Bonifatius&amp;oldid=209149820</subfield>
    </datafield>
    <datafield tag="670" ind1=" " ind2=" ">
      <subfield code="a">Ergänzt nach VIAF/GND</subfield>
    </datafield>
    <datafield tag="670" ind1=" " ind2=" ">
      <subfield code="a">Homepage</subfield>
      <subfield code="b">Stand: 14.05.2020</subfield>
      <subfield code="u">http://www.pacelli-edition.de/Biographie/2101</subfield>
    </datafield>
    <datafield tag="672" ind1=" " ind2="0">
      <subfield code="a">Epistolae</subfield>
      <subfield code="f">1605</subfield>
    </datafield>
    <datafield tag="672" ind1=" " ind2="0">
      <subfield code="a">Epistolae</subfield>
      <subfield code="f">1629</subfield>
    </datafield>
    <datafield tag="672" ind1=" " ind2="0">
      <subfield code="a">Epistolae</subfield>
      <subfield code="f">1789</subfield>
    </datafield>
    <datafield tag="672" ind1=" " ind2="0">
      <subfield code="a">Sermo de abrenuntiatione in baptismate</subfield>
      <subfield code="f">1725</subfield>
    </datafield>
    <datafield tag="672" ind1=" " ind2="0">
      <subfield code="a">Ars domni Bonifacii</subfield>
      <subfield code="f">1835</subfield>
    </datafield>
    <datafield tag="678" ind1=" " ind2=" ">
      <subfield code="b">Missionar und Kirchenorganisator</subfield>
    </datafield>
    <datafield tag="913" ind1=" " ind2=" ">
      <subfield code="S">pnd</subfield>
      <subfield code="i">5</subfield>
      <subfield code="a">Bonifatius &lt;Sanctus&gt;</subfield>
      <subfield code="0">(DE-588a)118513249</subfield>
    </datafield>
    <datafield tag="913" ind1=" " ind2=" ">
      <subfield code="S">pnd</subfield>
      <subfield code="i">5</subfield>
      <subfield code="a">Bonifatius &lt;Heiliger&gt;</subfield>
      <subfield code="0">(DE-588a)118513249</subfield>
    </datafield>
    <datafield tag="913" ind1=" " ind2=" ">
      <subfield code="S">pnd</subfield>
      <subfield code="i">5</subfield>
      <subfield code="a">Bonifacius &lt;Sanctus&gt;</subfield>
      <subfield code="0">(DE-588a)126171831</subfield>
    </datafield>
    <datafield tag="913" ind1=" " ind2=" ">
      <subfield code="S">pnd</subfield>
      <subfield code="i">5</subfield>
      <subfield code="a">Bonifatius &lt;Sanctus&gt;</subfield>
      <subfield code="0">(DE-588a)188010998</subfield>
    </datafield>
  </record>
